

@article{DBLP:journals/jda/JagerCZ16,
  author    = {Gerold J{\"{a}}ger and
               Sharlee Climer and
               Weixiong Zhang},
  title     = {The complete parsimony haplotype inference problem and algorithms
               based on integer programming, branch-and-bound and Boolean satisfiability},
  journal   = {J. Discrete Algorithms},
  volume    = {37},
  pages     = {68--83},
  year      = {2016},
  url       = {https://doi.org/10.1016/j.jda.2016.06.001},
  doi       = {10.1016/j.jda.2016.06.001},
  timestamp = {Tue, 06 Jun 2017 22:20:27 +0200},
  biburl    = {https://dblp.org/rec/journals/jda/JagerCZ16.bib},
  bibsource = {dblp computer science bibliography, https://dblp.org}
}



@article{DBLP:journals/anor/GracaMLO11,
  author    = {Ana Gra{\c{c}}a and
               Jo{\~{a}}o Marques{-}Silva and
               In{\^{e}}s Lynce and
               Arlindo L. Oliveira},
  title     = {Haplotype inference with pseudo-Boolean optimization},
  journal   = {Ann. Oper. Res.},
  volume    = {184},
  number    = {1},
  pages     = {137--162},
  year      = {2011},
  url       = {https://doi.org/10.1007/s10479-009-0675-4},
  doi       = {10.1007/s10479-009-0675-4},
  timestamp = {Thu, 13 Aug 2020 12:40:05 +0200},
  biburl    = {https://dblp.org/rec/journals/anor/GracaMLO11.bib},
  bibsource = {dblp computer science bibliography, https://dblp.org}
}



@inproceedings{DBLP:conf/aaai/LynceM06,
  author    = {In{\^{e}}s Lynce and
               Jo{\~{a}}o Marques{-}Silva},
  title     = {Efficient Haplotype Inference with Boolean Satisfiability},
  booktitle = {Proceedings, The Twenty-First National Conference on Artificial Intelligence
               and the Eighteenth Innovative Applications of Artificial Intelligence
               Conference, July 16-20, 2006, Boston, Massachusetts, {USA}},
  pages     = {104--109},
  publisher = {{AAAI} Press},
  year      = {2006},
  url       = {http://www.aaai.org/Library/AAAI/2006/aaai06-017.php},
  timestamp = {Mon, 24 Feb 2020 19:23:26 +0100},
  biburl    = {https://dblp.org/rec/conf/aaai/LynceM06.bib},
  bibsource = {dblp computer science bibliography, https://dblp.org}
}



@book{gusfield2019integer,
  title={Integer linear programming in computational and systems biology: an entry-level text and course},
  author={Gusfield, Dan},
  year={2019},
  publisher={Cambridge University Press}
}


@inproceedings{DBLP:conf/alcob/BrownZG20,
  author    = {Hannah Brown and
               Lei Zuo and
               Dan Gusfield},
  editor    = {Carlos Mart{\'{\i}}n{-}Vide and
               Miguel A. Vega{-}Rodr{\'{\i}}guez and
               Travis J. Wheeler},
  title     = {Comparing Integer Linear Programming to SAT-Solving for Hard Problems
               in Computational and Systems Biology},
  booktitle = {Algorithms for Computational Biology - 7th International Conference,
               AlCoB 2020, Missoula, MT, USA, April 13-15, 2020, Proceedings},
  series    = {Lecture Notes in Computer Science},
  volume    = {12099},
  pages     = {63--76},
  publisher = {Springer},
  year      = {2020},
  url       = {https://doi.org/10.1007/978-3-030-42266-0\_6},
  doi       = {10.1007/978-3-030-42266-0\_6},
  timestamp = {Tue, 21 Jul 2020 12:07:35 +0200},
  biburl    = {https://dblp.org/rec/conf/alcob/BrownZG20.bib},
  bibsource = {dblp computer science bibliography, https://dblp.org}
}


